<?xml version="1.0" encoding="UTF-8"?>
<collection xmlns:xsi="http://www.w3.org/2001/XMLSchema-instance" xsi:schemaLocation="http://www.loc.gov/MARC21/slim http://www.loc.gov/standards/marcxml/schema/MARC21slim.xsd" xmlns="http://www.loc.gov/MARC21/slim">
<record>
  <leader>00824cam a22002051  4500</leader>
  <controlfield tag="001">867059</controlfield>
  <controlfield tag="003">NNC</controlfield>
  <controlfield tag="005">20151221161938.0</controlfield>
  <controlfield tag="008">891009s1875    ua            000 0 ara d</controlfield>
  <datafield tag="035" ind1=" " ind2=" ">
    <subfield code="a">(OCoLC)ocm20458520</subfield>
  </datafield>
  <datafield tag="035" ind1=" " ind2=" ">
    <subfield code="9">AES0536CU</subfield>
  </datafield>
  <datafield tag="035" ind1=" " ind2=" ">
    <subfield code="a">(NNC)867059</subfield>
  </datafield>
  <datafield tag="040" ind1=" " ind2=" ">
    <subfield code="c">ZCU</subfield>
  </datafield>
  <datafield tag="090" ind1=" " ind2=" ">
    <subfield code="a">B753.B33</subfield>
    <subfield code="b">H3</subfield>
  </datafield>
  <datafield tag="100" ind1="1" ind2=" ">
    <subfield code="a">Sanūsī, Muḥammad ibn Yūsuf,</subfield>
    <subfield code="d">approximately 1427-approximately 1490.</subfield>
  </datafield>
  <datafield tag="245" ind1="0" ind2="0">
    <subfield code="a">Sharḥ al-shaykh Abū ʻAbd Allāh Muhammad ibn Yūsuf al-Sanūsī ʻalá Mukhtaṣarihi fī fann al-manṭiq.</subfield>
  </datafield>
  <datafield tag="260" ind1=" " ind2=" ">
    <subfield code="a">[al-Qāhirah,</subfield>
    <subfield code="b">al-Maṭba ʻah al-Khayrīyah,</subfield>
    <subfield code="c">1292 h., 1875 m.]</subfield>
  </datafield>
  <datafield tag="300" ind1=" " ind2=" ">
    <subfield code="a">114 p.</subfield>
    <subfield code="c">23 cm.</subfield>
  </datafield>
  <datafield tag="501" ind1=" " ind2=" ">
    <subfield code="a">Bound with Ḥāshiyat al-shaykh Ibrāhīm al-Bājūrī ʻalā Mukhtaṣar al-shaykh Muḥammad al-Sanūsī fī fann al-manṭiq. [1292 h., 1875 m.]</subfield>
  </datafield>
  <datafield tag="955" ind1=" " ind2=" ">
    <subfield code="b">0026810913</subfield>
    <subfield code="d">glx</subfield>
    <subfield code="e">B753.B33 H3</subfield>
  </datafield>
</record>
</collection>